@book{feiler2012model,
  title={Model-based engineering with AADL: an introduction to the SAE architecture analysis \& design language},
  author={Feiler, Peter H and Gluch, David P},
  year={2012},
  publisher={Addison-Wesley}
}

@inproceedings{feiler2004open,
  title={Open source aadl tool environment (osate)},
  author={Feiler, Peter},
  booktitle={AADL Workshop, paris},
  pages={1--40},
  year={2004}
}

@article{bensalem2013verifiable,
  title={A verifiable and correct-by-construction controller for robot functional levels},
  author={Bensalem, Saddek and de Silva, Lavindra and Ingrand, F{\'e}lix and Yan, Rongjie},
  journal={arXiv preprint arXiv:1309.0442},
  year={2013}
}

@misc{france2013so,
  title={Why it is so hard to use models in software development: observations},
  author={France, Robert and Rumpe, Bernhard and Schindler, Martin},
  year={2013},
  publisher={Springer}
}

@article{zheng2013classification,
  title={A classification and rationalization of model-based software development},
  author={Zheng, Yongjie and Taylor, Richard N},
  journal={Software \& Systems Modeling},
  volume={12},
  number={4},
  pages={669--678},
  year={2013},
  publisher={Springer}
}

@article{sendall2003model,
  title={Model transformation: The heart and soul of model-driven software development},
  author={Sendall, Shane and Kozaczynski, Wojtek},
  journal={IEEE software},
  volume={20},
  number={5},
  pages={42--45},
  year={2003},
  publisher={IEEE}
}

@book{otte1996understanding,
  title={Understanding CORBA: common object request broker architecture},
  author={Otte, Randy and Patrick, Paul and Roy, Mark},
  volume={19},
  year={1996},
  publisher={Prentice Hall PTR}
}

@article{anand2010generating,
  title={Generating reliable code from hybrid-systems models},
  author={Anand, Madhukar and Fischmeister, Sebastian and Hur, Yerang and Kim, Jesung and Lee, Insup},
  journal={IEEE Transactions on Computers},
  volume={59},
  number={9},
  pages={1281--1294},
  year={2010},
  publisher={IEEE}
}

@article{blumenthal2014towards,
  title={Towards a domain specific language for a scene graph based robotic world model},
  author={Blumenthal, Sebastian and Bruyninckx, Herman},
  journal={arXiv preprint arXiv:1408.0200},
  year={2014}
}

@inproceedings{nordmann2014survey,
  title={A survey on domain-specific languages in robotics},
  author={Nordmann, Arne and Hochgeschwender, Nico and Wrede, Sebastian},
  booktitle={International Conference on Simulation, Modeling, and Programming for Autonomous Robots},
  pages={195--206},
  year={2014},
  organization={Springer}
}

@article{voelter2013mbeddr,
  title={mbeddr: Instantiating a language workbench in the embedded software domain},
  author={Voelter, Markus and Ratiu, Daniel and Kolb, Bernd and Schaetz, Bernhard},
  journal={Automated Software Engineering},
  volume={20},
  number={3},
  pages={339--390},
  year={2013},
  publisher={Springer}
}

@inproceedings{zander2016survey,
  title={A Survey about the Usage of Semantic Technologies for the Description of Robotic Components and Capabilities.},
  author={Zander, Stefan and Ahmed, Nadia and Frank, Matthias T},
  booktitle={SAMI@ iKNOW},
  year={2016}
}

@incollection{schichl2004models,
  title={Models and the history of modeling},
  author={Schichl, Hermann},
  booktitle={Modeling languages in mathematical optimization},
  pages={25--36},
  year={2004},
  publisher={Springer}
}

@article{selic2003pragmatics,
  title={The pragmatics of model-driven development},
  author={Selic, Bran},
  journal={IEEE software},
  volume={20},
  number={5},
  pages={19--25},
  year={2003},
  publisher={IEEE}
}

@article{whittle2014state,
  title={The state of practice in model-driven engineering},
  author={Whittle, Jon and Hutchinson, John and Rouncefield, Mark},
  journal={IEEE software},
  volume={31},
  number={3},
  pages={79--85},
  year={2014},
  publisher={IEEE}
}

@book{rumbaugh2004unified,
  title={Unified modeling language reference manual, the},
  author={Rumbaugh, James and Jacobson, Ivar and Booch, Grady},
  year={2004},
  publisher={Pearson Higher Education}
}

@techreport{ivers2004documenting,
  title={Documenting component and connector views with UML 2.0},
  author={Ivers, James and Clements, Paul and Garlan, David and Nord, Robert and Schmerl, Bradley and Silva, Jaime R},
  year={2004},
  institution={CARNEGIE-MELLON UNIV PITTSBURGH PA SOFTWARE ENGINEERING INST}
}

@inproceedings{garlan2003formal,
  title={Formal modeling and analysis of software architecture: Components, connectors, and events},
  author={Garlan, David},
  booktitle={International School on Formal Methods for the Design of Computer, Communication and Software Systems},
  pages={1--24},
  year={2003},
  organization={Springer}
}

@incollection{evensen2010comparison,
  title={A comparison and evaluation of real-time software systems modeling languages},
  author={Evensen, Kenneth and Weiss, Kathryn},
  booktitle={AIAA Infotech@ Aerospace 2010},
  pages={3504},
  year={2010}
}

@inproceedings{medina2011model,
  title={Model-based analysis and design of real-time distributed systems with Ada and the UML profile for MARTE},
  author={Medina, Julio L and Cuesta, Alvaro Garcia},
  booktitle={International Conference on Reliable Software Technologies},
  pages={89--102},
  year={2011},
  organization={Springer}
}

@inproceedings{nakagawa2011reference,
  title={Reference architecture and product line architecture: A subtle but critical difference},
  author={Nakagawa, Elisa Yumi and Antonino, Pablo Oliveira and Becker, Martin},
  booktitle={European Conference on Software Architecture},
  pages={207--211},
  year={2011},
  organization={Springer}
}

@article{arne2016survey,
  title={A survey on domain-specific modeling and languages in robotics},
  author={Arne, Nordmann and Nico, Hochgeschwender and Dennis, Wigand and Sebastian, Wrede},
  year={2016},
  publisher={Universit{\`a} degli studi di Bergamo}
}

@inproceedings{lanusse2009papyrus,
  title={Papyrus UML: an open source toolset for MDA},
  author={Lanusse, Agnes and Tanguy, Yann and Espinoza, Huascar and Mraidha, Chokri and Gerard, Sebastien and Tessier, Patrick and Schnekenburger, Remi and Dubois, Hubert and Terrier, Fran{\c{c}}ois},
  booktitle={Proc. of the Fifth European Conference on Model-Driven Architecture Foundations and Applications (ECMDA-FA 2009)},
  pages={1--4},
  year={2009}
}

@inproceedings{paull2012towards,
  title={Towards an ontology for autonomous robots},
  author={Paull, Liam and Severac, Gaetan and Raffo, Guilherme V and Angel, Julian Mauricio and Boley, Harold and Durst, Phillip J and Gray, Wendell and Habib, Maki and Nguyen, Bao and Ragavan, S Veera and others},
  booktitle={2012 IEEE/RSJ International Conference on Intelligent Robots and Systems},
  pages={1359--1364},
  year={2012},
  organization={IEEE}
}

@inproceedings{ramaswamy2014model,
  title={Model-driven software development approaches in robotics research},
  author={Ramaswamy, Arun Kumar and Monsuez, Bruno and Tapus, Adriana},
  booktitle={Proceedings of the 6th International Workshop on Modeling in Software Engineering (MISE 2014)},
  pages={43--48},
  year={2014}
}

@article{shokry2008dynamic,
  title={Dynamic software product line architectures using service based computing for automotive systems},
  author={Shokry, Hesham and Ali Babar, Muhammad},
  year={2008}
}

@article{schlegel2015model,
  title={Model-driven software systems engineering in robotics: covering the complete life-cycle of a robot},
  author={Schlegel, Christian and Lotz, Alex and Lutz, Matthias and Stampfer, Dennis and Ingl{\'e}s-Romero, Juan F and Vicente-Chicote, Cristina},
  journal={it-Information Technology},
  volume={57},
  number={2},
  pages={85--98},
  year={2015},
  publisher={De Gruyter Oldenbourg}
}

@incollection{simons199930,
  title={30 Things that go wrong in object modelling with UML 1.3},
  author={Simons, Anthony JH and Graham, Ian},
  booktitle={Behavioral Specifications of Businesses and Systems},
  pages={237--257},
  year={1999},
  publisher={Springer}
}

@inproceedings{staab2010model,
  title={Model driven engineering with ontology technologies},
  author={Staab, Steffen and Walter, Tobias and Gr{\"o}ner, Gerd and Parreiras, Fernando Silva},
  booktitle={Reasoning Web International Summer School},
  pages={62--98},
  year={2010},
  organization={Springer}
}

@inproceedings{tenorth2009knowrob,
  title={KnowRobâ€”knowledge processing for autonomous personal robots},
  author={Tenorth, Moritz and Beetz, Michael},
  booktitle={2009 IEEE/RSJ International Conference on Intelligent Robots and Systems},
  pages={4261--4266},
  year={2009},
  organization={IEEE}
}

@inproceedings{gerkey2003player,
  title={The player/stage project: Tools for multi-robot and distributed sensor systems},
  author={Gerkey, Brian and Vaughan, Richard T and Howard, Andrew},
  booktitle={Proceedings of the 11th international conference on advanced robotics},
  volume={1},
  pages={317--323},
  year={2003}
}

@inproceedings{hartig2008automatic,
  title={Automatic component selection with semantic technologies},
  author={Hartig, Olaf and Kost, Martin and Freytag, Johann-Christoph},
  booktitle={Proc. s of the 4th Int. Workshop on Semantic Web Enabled Software Engineering (SWESE) at ISWC},
  year={2008}
}

@inproceedings{joyeux2011robot,
  title={Robot development: from components to systems},
  author={Joyeux, Sylvain and Albiez, Jan},
  booktitle={6th National Conference on Control Architectures of Robots},
  pages={15--p},
  year={2011}
}

@article{kumar2016rosmod,
  title={ROSMOD: a toolsuite for modeling, generating, deploying, and managing distributed real-time component-based software using ROS},
  author={Kumar, Pranav and Emfinger, William and Karsai, Gabor and Watkins, Dexter and Gasser, Benjamin and Anilkumar, Amrutur},
  journal={Electronics},
  volume={5},
  number={3},
  pages={53},
  year={2016},
  publisher={Multidisciplinary Digital Publishing Institute}
}

@inproceedings{lotz2016combining,
  title={Combining robotics component-based model-driven development with a model-based performance analysis},
  author={Lotz, Alex and Hamann, Arne and Lange, Ralph and Heinzemann, Christian and Staschulat, Jan and Kesel, Vincent and Stampfer, Dennis and Lutz, Matthias and Schlegel, Christian},
  booktitle={2016 IEEE International Conference on Simulation, Modeling, and Programming for Autonomous Robots (SIMPAR)},
  pages={170--176},
  year={2016},
  organization={IEEE}
}

@article{metta2006yarp,
  title={YARP: yet another robot platform},
  author={Metta, Giorgio and Fitzpatrick, Paul and Natale, Lorenzo},
  journal={International Journal of Advanced Robotic Systems},
  volume={3},
  number={1},
  pages={8},
  year={2006},
  publisher={SAGE Publications Sage UK: London, England}
}

@article{manikas2013software,
  title={Software ecosystems--A systematic literature review},
  author={Manikas, Konstantinos and Hansen, Klaus Marius},
  journal={Journal of Systems and Software},
  volume={86},
  number={5},
  pages={1294--1306},
  year={2013},
  publisher={Elsevier}
}

@article{mullers2012rxdeveloper,
  title={rxDeveloper: GUI-Aided Software Developmemt in ROS},
  author={M{\"u}llers, Filip and Holz, Dirk and Behnke, Sven},
  journal={SDIR VII--ICRA},
  year={2012},
  publisher={Citeseer}
}

@incollection{miksa2013case,
  title={Case Studies for Marrying Ontology and Software Technologies},
  author={Miksa, Krzysztof and Sabina, Pawel and Friesen, Andreas and Rahmani, Tirdad and Lemcke, Jens and Wende, Christian and Zivkovic, Srdjan and A{\ss}mann, Uwe and Bartho, Andreas},
  booktitle={Ontology-Driven Software Development},
  pages={69--94},
  year={2013},
  publisher={Springer}
}

@inproceedings{niemueller2010design,
  title={Design principles of the component-based robot software framework fawkes},
  author={Niemueller, Tim and Ferrein, Alexander and Beck, Daniel and Lakemeyer, Gerhard},
  booktitle={International Conference on Simulation, Modeling, and Programming for Autonomous Robots},
  pages={300--311},
  year={2010},
  organization={Springer}
}

@article{diankov2010automated,
  title={Automated construction of robotic manipulation programs},
  author={Diankov, Rosen},
  year={2010}
}

@article{van2000domain,
  title={Domain-specific languages: An annotated bibliography},
  author={Van Deursen, Arie and Klint, Paul and Visser, Joost},
  journal={ACM Sigplan Notices},
  volume={35},
  number={6},
  pages={26--36},
  year={2000},
  publisher={ACM}
}

@article{garlan1995architectural,
  title={Architectural mismatch: Why reuse is so hard},
  author={Garlan, David and Allen, Robert and Ockerbloom, John},
  journal={IEEE software},
  volume={12},
  number={6},
  pages={17--26},
  year={1995},
  publisher={IEEE}
}

@inproceedings{gherardi2014modeling,
  title={Modeling and reusing robotic software architectures: the hyperflex toolchain},
  author={Gherardi, Luca and Brugali, Davide},
  booktitle={2014 IEEE International Conference on Robotics and Automation (ICRA)},
  pages={6414--6420},
  year={2014},
  organization={IEEE}
}

@inproceedings{hochgeschwender2013model,
  title={A model-based approach to software deployment in robotics},
  author={Hochgeschwender, Nico and Gherardi, Luca and Shakhirmardanov, Azamat and Kraetzschmar, Gerhard K and Brugali, Davide and Bruyninckx, Herman},
  booktitle={2013 IEEE/RSJ International Conference on Intelligent Robots and Systems},
  pages={3907--3914},
  year={2013},
  organization={IEEE}
}

@inproceedings{brugali2012reuse,
  title={A reuse-oriented development process for component-based robotic systems},
  author={Brugali, Davide and Gherardi, Luca and Biziak, A and Luzzana, Andrea and Zakharov, Alexey},
  booktitle={International Conference on Simulation, Modeling, and Programming for Autonomous Robots},
  pages={361--374},
  year={2012},
  organization={Springer}
}

@inproceedings{gherardi2014software,
  title={A software product line approach for configuring cloud robotics applications},
  author={Gherardi, Luca and Hunziker, Dominique and Mohanarajah, Gajamohan},
  booktitle={2014 IEEE 7th International Conference on Cloud Computing},
  pages={745--752},
  year={2014},
  organization={IEEE}
}

@incollection{brugali2016hyperflex,
  title={Hyperflex: A model driven toolchain for designing and configuring software control systems for autonomous robots},
  author={Brugali, Davide and Gherardi, Luca},
  booktitle={Robot Operating System (ROS)},
  pages={509--534},
  year={2016},
  publisher={Springer}
}

@article{gerkey2017ros,
  title={Why ROS 2.0},
  author={Gerkey, Brian and others},
  journal={Open Source Robotics Foundation, Inc.: San Francisco, CA, USA},
  year={2017}
}

@book{gruber2009ontology,
  title={Ontology},
  author={Gruber, Tom},
  year={2009},
  publisher={Springer}
}

@article{broy1998characterizes,
  title={What characterizes a (software) component?},
  author={Broy, Manfred and Deimel, Anton and Henn, Juergen and Koskimies, Kai and Pl{\'a}{\v{s}}il, Franti{\v{s}}ek and Pomberger, Gustav and Pree, Wolfgang and Stal, Michael and Szyperski, Clemens},
  journal={Software-Concepts \& Tools},
  volume={19},
  number={1},
  pages={49--56},
  year={1998},
  publisher={Springer}
}

@inproceedings{brugali2014developing,
  title={Developing service oriented robot control system},
  author={Brugali, Davide and da Fonseca, Andrea Fernandes and Luzzana, Andrea and Maccarana, Yamuna},
  booktitle={2014 IEEE 8th International Symposium on Service Oriented System Engineering},
  pages={237--242},
  year={2014},
  organization={IEEE}
}

@article{brugali2015model,
  title={Model-driven software engineering in robotics: Models are designed to use the relevant things, thereby reducing the complexity and cost in the field of robotics},
  author={Brugali, Davide},
  journal={IEEE Robotics \& Automation Magazine},
  volume={22},
  number={3},
  pages={155--166},
  year={2015},
  publisher={IEEE}
}

@article{brugali2010component,
  title={Component-based robotic engineering (part ii)},
  author={Brugali, Davide and Shakhimardanov, Azamat},
  journal={IEEE Robotics \& Automation Magazine},
  volume={17},
  number={1},
  pages={100--112},
  year={2010},
  publisher={IEEE}
}

@article{brugali2009component,
  title={Component-based robotic engineering (part i)[tutorial]},
  author={Brugali, Davide and Scandurra, Patrizia},
  journal={IEEE Robotics \& Automation Magazine},
  volume={16},
  number={4},
  pages={84--96},
  year={2009},
  publisher={IEEE}
}

@article{capilla2014overview,
  title={An overview of Dynamic Software Product Line architectures and techniques: Observations from research and industry},
  author={Capilla, Rafael and Bosch, Jan and Trinidad, Pablo and Ruiz-Cort{\'e}s, Antonio and Hinchey, Mike},
  journal={Journal of Systems and Software},
  volume={91},
  pages={3--23},
  year={2014},
  publisher={Elsevier}
}

@article{cousins2010sharing,
  title={Sharing software with ros [ros topics]},
  author={Cousins, Steve and Gerkey, Brian and Conley, Ken and Garage, Willow},
  journal={IEEE Robotics \& Automation Magazine},
  volume={17},
  number={2},
  pages={12--14},
  year={2010},
  publisher={IEEE}
}

@article{crnkovic2011software,
  title={Software components beyond programming: From routines to services},
  author={Crnkovic, Ivica and Stafford, Judith and Szyperski, Clemens},
  journal={Ieee software},
  volume={28},
  number={3},
  pages={22--26},
  year={2011},
  publisher={IEEE}
}

@inproceedings{delanote2008using,
  title={Using AADL to model a protocol stack},
  author={Delanote, Didier and Van Baelen, Stefan and Joosen, Wouter and Berbers, Yolande},
  booktitle={13th IEEE International Conference on Engineering of Complex Computer Systems (iceccs 2008)},
  pages={277--281},
  year={2008},
  organization={IEEE}
}

@inproceedings{dhouib2012robotml,
  title={Robotml, a domain-specific language to design, simulate and deploy robotic applications},
  author={Dhouib, Saadia and Kchir, Selma and Stinckwich, Serge and Ziadi, Tewfik and Ziane, Mikal},
  booktitle={International Conference on Simulation, Modeling, and Programming for Autonomous Robots},
  pages={149--160},
  year={2012},
  organization={Springer}
}

@incollection{assmann2006ontologies,
  title={Ontologies, meta-models, and the model-driven paradigm},
  author={A{\ss}mann, Uwe and Zschaler, Steffen and Wagner, Gerd},
  booktitle={Ontologies for software engineering and software technology},
  pages={249--273},
  year={2006},
  publisher={Springer}
}

@article{boehm1999cots,
  title={COTS integration: Plug and Pray?},
  author={Boehm, Barry and Abts, Chris},
  journal={Computer},
  volume={32},
  number={1},
  pages={135--138},
  year={1999},
  publisher={IEEE}
}

@inproceedings{baumgartl2013towards,
  title={Towards Easy Robot Programming-Using DSLs, Code Generators and Software Product Lines.},
  author={Baumgartl, Johannes and Buchmann, Thomas and Henrich, Dominik and Westfechtel, Bernhard},
  booktitle={ICSOFT},
  pages={548--554},
  year={2013}
}

@article{bosch2010integration,
  title={From integration to composition: On the impact of software product lines, global development and ecosystems},
  author={Bosch, Jan and Bosch-Sijtsema, Petra},
  journal={Journal of Systems and Software},
  volume={83},
  number={1},
  pages={67--76},
  year={2010},
  publisher={Elsevier}
}

@article{basili1996validation,
  title={A validation of object-oriented design metrics as quality indicators},
  author={Basili, Victor R and Briand, Lionel C. and Melo, Walc{\'e}lio L},
  journal={IEEE Transactions on software engineering},
  volume={22},
  number={10},
  pages={751--761},
  year={1996},
  publisher={IEEE}
}

@article{brambilla2012model,
  title={Model-driven software engineering in practice},
  author={Brambilla, Marco and Cabot, Jordi and Wimmer, Manuel},
  journal={Synthesis Lectures on Software Engineering},
  volume={1},
  number={1},
  pages={1--182},
  year={2012},
  publisher={Morgan \& Claypool Publishers}
}

@article{bencomo2012view,
  title={A view of the dynamic software product line landscape},
  author={Bencomo, Nelly and Hallsteinsen, Svein and De Almeida, Eduardo Santana},
  journal={Computer},
  volume={45},
  number={10},
  pages={36--41},
  year={2012},
  publisher={IEEE}
}

@inproceedings{bohren2011towards,
  title={Towards autonomous robotic butlers: Lessons learned with the PR2},
  author={Bohren, Jonathan and Rusu, Radu Bogdan and Jones, E Gil and Marder-Eppstein, Eitan and Pantofaru, Caroline and Wise, Melonee and M{\"o}senlechner, Lorenz and Meeussen, Wim and Holzer, Stefan},
  booktitle={2011 IEEE International Conference on Robotics and Automation},
  pages={5568--5575},
  year={2011},
  organization={IEEE}
}

@inproceedings{bosch2009software,
  title={From software product lines to software ecosystems},
  author={Bosch, Jan},
  booktitle={Proceedings of the 13th international software product line conference},
  pages={111--119},
  year={2009},
  organization={Carnegie Mellon University}
}

@incollection{brooks2007orca,
  title={Orca: A component model and repository},
  author={Brooks, Alex and Kaupp, Tobias and Makarenko, Alexei and Williams, Stefan and Oreb{\"a}ck, Anders},
  booktitle={Software engineering for experimental robotics},
  pages={231--251},
  year={2007},
  publisher={Springer}
}

@inproceedings{makarenko2006orca,
  title={Orca: Components for robotics},
  author={Makarenko, Alexei and Brooks, Alex},
  booktitle={In 2006 IEEE/RSJ International Conference on Intelligent Robots and Systems (IROSâ€™06},
  year={2006},
  organization={Citeseer}
}

@inproceedings{brooks2005towards,
  title={Towards component-based robotics},
  author={Brooks, Alex and Kaupp, Tobias and Makarenko, Alexei and Williams, Stefan and Oreback, Anders},
  booktitle={2005 IEEE/RSJ International Conference on Intelligent Robots and Systems},
  pages={163--168},
  year={2005},
  organization={IEEE}
}

@inproceedings{bruyninckx2013brics,
  title={The BRICS component model: a model-based development paradigm for complex robotics software systems},
  author={Bruyninckx, Herman and Klotzb{\"u}cher, Markus and Hochgeschwender, Nico and Kraetzschmar, Gerhard and Gherardi, Luca and Brugali, Davide},
  booktitle={Proceedings of the 28th Annual ACM Symposium on Applied Computing},
  pages={1758--1764},
  year={2013},
  organization={ACM}
}

@inproceedings{mohamed2008middleware,
  title={Middleware for Robotics: A Survey.},
  author={Mohamed, Nader and Al-Jaroodi, Jameela and Jawhar, Imad},
  booktitle={RAM},
  pages={736--742},
  year={2008}
}

@article{elkady2012robotics,
  title={Robotics middleware: A comprehensive literature survey and attribute-based bibliography},
  author={Elkady, Ayssam and Sobh, Tarek},
  journal={Journal of Robotics},
  volume={2012},
  year={2012},
  publisher={Hindawi}
}

@article{mohamed2009review,
  title={A review of middleware for networked robots},
  author={Mohamed, Nader and Al-Jaroodi, Jameela and Jawhar, Imad},
  journal={International Journal of Computer Science and Network Security},
  volume={9},
  number={5},
  pages={139--148},
  year={2009}
}

@incollection{magyar2015comparison,
  title={Comparison study of robotic middleware for robotic applications},
  author={Magyar, Gergely and Sin{\v{c}}{\'a}k, Peter and Krizs{\'a}n, Zolt{\'a}n},
  booktitle={Emergent Trends in Robotics and Intelligent Systems},
  pages={121--128},
  year={2015},
  publisher={Springer}
}

@inproceedings{ando2005rt,
  title={RT-middleware: distributed component middleware for RT (robot technology)},
  author={Ando, Noriaki and Suehiro, Takashi and Kitagaki, Kosei and Kotoku, Tetsuo and Yoon, Woo-Keun},
  booktitle={2005 IEEE/RSJ International Conference on Intelligent Robots and Systems},
  pages={3933--3938},
  year={2005},
  organization={IEEE}
}

@inproceedings{furst2009autosar,
  title={AUTOSAR--A Worldwide Standard is on the Road},
  author={F{\"u}rst, Simon and M{\"o}ssinger, J{\"u}rgen and Bunzel, Stefan and Weber, Thomas and Kirschke-Biller, Frank and Heitk{\"a}mper, Peter and Kinkelin, Gerulf and Nishikawa, Kenji and Lange, Klaus},
  booktitle={14th International VDI Congress Electronic Systems for Vehicles, Baden-Baden},
  volume={62},
  pages={5},
  year={2009}
}

@inproceedings{awad2016ros,
  title={ROS engineering workbench based on semantically enriched app models for improved reusability},
  author={Awad, Ramez and Heppner, Georg and Roennau, Arne and Bordignon, Mirko},
  booktitle={2016 IEEE 21st international conference on emerging technologies and factory automation (ETFA)},
  pages={1--9},
  year={2016},
  organization={IEEE}
}

@article{dennis2016smartmdsd,
  title={The smartmdsd toolchain: An integrated mdsd workflow and integrated development environment (ide) for robotics software},
  author={Dennis, Stampfer and Alex, Lotz and Matthias, Lutz and Christian, Schlegel},
  year={2016},
  publisher={Universit{\`a} degli studi di Bergamo}
}

@inproceedings{schlenoff2005robot,
  title={A robot ontology for urban search and rescue},
  author={Schlenoff, Craig and Messina, Elena},
  booktitle={Proceedings of the 2005 ACM workshop on Research in knowledge representation for autonomous systems},
  pages={27--34},
  year={2005},
  organization={ACM}
}

@article{lim2011ontology,
  title={Ontology-based unified robot knowledge for service robots in indoor environments},
  author={Lim, Gi Hyun and Suh, Il Hong and Suh, Hyowon},
  journal={IEEE Transactions on Systems, Man, and Cybernetics-Part A: Systems and Humans},
  volume={41},
  number={3},
  pages={492--509},
  year={2011},
  publisher={IEEE}
}

@inproceedings{amigoni2005application,
  title={An application of ontology technologies to robotic agents},
  author={Amigoni, Francesco and Neri, Mario Arrigoni},
  booktitle={IEEE/WIC/ACM International Conference on Intelligent Agent Technology},
  pages={751--754},
  year={2005},
  organization={IEEE}
}

@article{zander2016model,
  title={A model-driven engineering approach for ros using ontological semantics},
  author={Zander, Stefan and Heppner, Georg and Neugschwandtner, Georg and Awad, Ramez and Essinger, Marc and Ahmed, Nadia},
  journal={arXiv preprint arXiv:1601.03998},
  year={2016}
}

@inproceedings{kim2006uml,
  title={UML-based service robot software development: a case study},
  author={Kim, Minseong and Kim, Suntae and Park, Sooyong and Choi, Mun-Taek and Kim, Munsang and Gomaa, Hassan},
  booktitle={Proceedings of the 28th international conference on Software engineering},
  pages={534--543},
  year={2006},
  organization={ACM}
}

@inproceedings{thomas2013new,
  title={A new skill based robot programming language using UML/P Statecharts},
  author={Thomas, Ulrike and Hirzinger, Gerd and Rumpe, Bernhard and Schulze, Christoph and Wortmann, Andreas},
  booktitle={2013 IEEE International Conference on Robotics and Automation},
  pages={461--466},
  year={2013},
  organization={IEEE}
}

@inproceedings{demathieu2008first,
  title={First experiments using the uml profile for marte},
  author={Demathieu, S{\'e}bastien and Thomas, Fr{\'e}d{\'e}ric and Andr{\'e}, Charles and G{\'e}rard, S{\'e}bastien and Terrier, Fran{\c{c}}ois},
  booktitle={2008 11th IEEE International Symposium on Object and Component-Oriented Real-Time Distributed Computing (ISORC)},
  pages={50--57},
  year={2008},
  organization={IEEE}
}

@inproceedings{faugere2007marte,
  title={Marte: Also an uml profile for modeling aadl applications},
  author={Faugere, Madeleine and Bourbeau, Thimothee and De Simone, Robert and Gerard, Sebastien},
  booktitle={12th IEEE International Conference on Engineering Complex Computer Systems (ICECCS 2007)},
  pages={359--364},
  year={2007},
  organization={IEEE}
}

@inproceedings{vidal2009co,
  title={A co-design approach for embedded system modeling and code generation with UML and MARTE},
  author={Vidal, Jorgiano and De Lamotte, Florent and Gogniat, Guy and Soulard, Philippe and Diguet, Jean-Philippe},
  booktitle={2009 Design, Automation \& Test in Europe Conference \& Exhibition},
  pages={226--231},
  year={2009},
  organization={IEEE}
}

@article{larsen2016modelling,
  title={Modelling field robot software using aadl},
  author={Larsen, Morten},
  journal={Technical Report Electronics and Computer Engineering},
  volume={4},
  number={25},
  year={2016}
}

@inproceedings{biggs2014modelling,
  title={Modelling and analysis of a redundant mobile robot architecture using aadl},
  author={Biggs, Geoffrey and Fujiwara, Kiyoshi and Anada, Keiju},
  booktitle={International Conference on Simulation, Modeling, and Programming for Autonomous Robots},
  pages={146--157},
  year={2014},
  organization={Springer}
}

@techreport{feiler2006architecture,
  title={The architecture analysis \& design language (AADL): An introduction},
  author={Feiler, Peter H and Gluch, David P and Hudak, John J},
  year={2006},
  institution={Carnegie-Mellon Univ Pittsburgh PA Software Engineering Inst}
}

@inproceedings{quigley2009ros,
  title={ROS: an open-source Robot Operating System},
  author={Quigley, Morgan and Conley, Ken and Gerkey, Brian and Faust, Josh and Foote, Tully and Leibs, Jeremy and Wheeler, Rob and Ng, Andrew Y},
  booktitle={ICRA workshop on open source software},
  volume={3},
  number={3.2},
  pages={5},
  year={2009},
  organization={Kobe, Japan}
}

@inproceedings{bruyninckx2001open,
  title={Open robot control software: the OROCOS project},
  author={Bruyninckx, Herman},
  booktitle={Proceedings 2001 ICRA. IEEE international conference on robotics and automation (Cat. No. 01CH37164)},
  volume={3},
  pages={2523--2528},
  year={2001},
  organization={IEEE}
}

@inproceedings{bruyninckx2003real,
  title={The real-time motion control core of the Orocos project},
  author={Bruyninckx, Herman and Soetens, Peter and Koninckx, Bob},
  booktitle={2003 IEEE International Conference on Robotics and Automation (Cat. No. 03CH37422)},
  volume={2},
  pages={2766--2771},
  year={2003},
  organization={IEEE}
}

@inproceedings{bischoff2010brics,
  title={Brics-best practice in robotics},
  author={Bischoff, Rainer and Guhl, Tim and Prassler, Erwin and Nowak, Walter and Kraetzschmar, Gerhard and Bruyninckx, Herman and Soetens, Peter and Haegele, Martin and Pott, Andreas and Breedveld, Peter and others},
  booktitle={ISR 2010 (41st International Symposium on Robotics) and ROBOTIK 2010 (6th German Conference on Robotics)},
  pages={1--8},
  year={2010},
  organization={VDE}
}

@inproceedings{schlegel1999software,
  title={The software framework SMARTSOFT for implementing sensorimotor systems},
  author={Schlegel, Christian and Worz, Robert},
  booktitle={Proceedings 1999 IEEE/RSJ International Conference on Intelligent Robots and Systems. Human and Environment Friendly Robots with High Intelligence and Emotional Quotients (Cat. No. 99CH36289)},
  volume={3},
  pages={1610--1616},
  year={1999},
  organization={IEEE}
}

@inproceedings{schlegel2014smartmdsd,
  title={The SmartMDSD Toolchain: Supporting dynamic reconfiguration by managing variability in robotics software development},
  author={Schlegel, Christian and Stampfer, Dennis},
  booktitle={Tutorial on Managing Software Variability in conjunction with the Robot Control Systems at Robotics: Science and Systems Conference (RSS). Berkeley, CA, USA, July},
  year={2014}
}
